%YAML 1.1
%TAG !u! tag:unity3d.com,2011:
--- !u!1 &288276727129432712
GameObject:
  m_ObjectHideFlags: 0
  m_CorrespondingSourceObject: {fileID: 0}
  m_PrefabInstance: {fileID: 0}
  m_PrefabAsset: {fileID: 0}
  serializedVersion: 6
  m_Component:
  - component: {fileID: 288276727129432713}
  - component: {fileID: 4088448248059985469}
  - component: {fileID: 4005888418826408576}
  m_Layer: 0
  m_Name: A4 Grid - Vertical
  m_TagString: Tile
  m_Icon: {fileID: 0}
  m_NavMeshLayer: 0
  m_StaticEditorFlags: 0
  m_IsActive: 1
--- !u!4 &288276727129432713
Transform:
  m_ObjectHideFlags: 0
  m_CorrespondingSourceObject: {fileID: 0}
  m_PrefabInstance: {fileID: 0}
  m_PrefabAsset: {fileID: 0}
  m_GameObject: {fileID: 288276727129432712}
  m_LocalRotation: {x: 0, y: -0.7071068, z: 0, w: 0.7071068}
  m_LocalPosition: {x: 0, y: 0, z: 0}
  m_LocalScale: {x: 1, y: 1, z: 1}
  m_Children:
  - {fileID: 3797468195630863923}
  - {fileID: 898235799271924702}
  m_Father: {fileID: 0}
  m_RootOrder: 0
  m_LocalEulerAnglesHint: {x: 0, y: -90, z: 0}
--- !u!114 &4088448248059985469
MonoBehaviour:
  m_ObjectHideFlags: 0
  m_CorrespondingSourceObject: {fileID: 0}
  m_PrefabInstance: {fileID: 0}
  m_PrefabAsset: {fileID: 0}
  m_GameObject: {fileID: 288276727129432712}
  m_Enabled: 1
  m_EditorHideFlags: 0
  m_Script: {fileID: 11500000, guid: b91076bc2d3e7ab459b5af0ed1d93fc2, type: 3}
  m_Name: 
  m_EditorClassIdentifier: 
  type: 3
  dir1: {x: 1, y: 0, z: 0}
  dir2: {x: -1, y: 0, z: 0}
  next1: {fileID: 0}
  next2: {fileID: 0}
  pathNext: {fileID: 0}
  spawnPrefab: {fileID: 0}
--- !u!120 &4005888418826408576
LineRenderer:
  m_ObjectHideFlags: 0
  m_CorrespondingSourceObject: {fileID: 0}
  m_PrefabInstance: {fileID: 0}
  m_PrefabAsset: {fileID: 0}
  m_GameObject: {fileID: 288276727129432712}
  m_Enabled: 1
  m_CastShadows: 1
  m_ReceiveShadows: 1
  m_DynamicOccludee: 1
  m_MotionVectors: 0
  m_LightProbeUsage: 0
  m_ReflectionProbeUsage: 0
  m_RayTracingMode: 0
  m_RayTraceProcedural: 0
  m_RenderingLayerMask: 1
  m_RendererPriority: 0
  m_Materials:
  - {fileID: 0}
  m_StaticBatchInfo:
    firstSubMesh: 0
    subMeshCount: 0
  m_StaticBatchRoot: {fileID: 0}
  m_ProbeAnchor: {fileID: 0}
  m_LightProbeVolumeOverride: {fileID: 0}
  m_ScaleInLightmap: 1
  m_ReceiveGI: 1
  m_PreserveUVs: 0
  m_IgnoreNormalsForChartDetection: 0
  m_ImportantGI: 0
  m_StitchLightmapSeams: 1
  m_SelectedEditorRenderState: 3
  m_MinimumChartSize: 4
  m_AutoUVMaxDistance: 0.5
  m_AutoUVMaxAngle: 89
  m_LightmapParameters: {fileID: 0}
  m_SortingLayerID: 0
  m_SortingLayer: 0
  m_SortingOrder: 0
  m_Positions:
  - {x: 0, y: 0, z: 0}
  - {x: 0, y: 0, z: 1}
  m_Parameters:
    serializedVersion: 3
    widthMultiplier: 0.01
    widthCurve:
      serializedVersion: 2
      m_Curve:
      - serializedVersion: 3
        time: 0
        value: 1
        inSlope: 0
        outSlope: 0
        tangentMode: 0
        weightedMode: 0
        inWeight: 0.33333334
        outWeight: 0.33333334
      m_PreInfinity: 2
      m_PostInfinity: 2
      m_RotationOrder: 4
    colorGradient:
      serializedVersion: 2
      key0: {r: 1, g: 1, b: 1, a: 1}
      key1: {r: 1, g: 1, b: 1, a: 1}
      key2: {r: 0, g: 0, b: 0, a: 0}
      key3: {r: 0, g: 0, b: 0, a: 0}
      key4: {r: 0, g: 0, b: 0, a: 0}
      key5: {r: 0, g: 0, b: 0, a: 0}
      key6: {r: 0, g: 0, b: 0, a: 0}
      key7: {r: 0, g: 0, b: 0, a: 0}
      ctime0: 0
      ctime1: 65535
      ctime2: 0
      ctime3: 0
      ctime4: 0
      ctime5: 0
      ctime6: 0
      ctime7: 0
      atime0: 0
      atime1: 65535
      atime2: 0
      atime3: 0
      atime4: 0
      atime5: 0
      atime6: 0
      atime7: 0
      m_Mode: 0
      m_NumColorKeys: 2
      m_NumAlphaKeys: 2
    numCornerVertices: 0
    numCapVertices: 0
    alignment: 0
    textureMode: 0
    shadowBias: 0.5
    generateLightingData: 0
  m_UseWorldSpace: 1
  m_Loop: 0
--- !u!1 &898235799271924697
GameObject:
  m_ObjectHideFlags: 0
  m_CorrespondingSourceObject: {fileID: 0}
  m_PrefabInstance: {fileID: 0}
  m_PrefabAsset: {fileID: 0}
  serializedVersion: 6
  m_Component:
  - component: {fileID: 898235799271924702}
  m_Layer: 0
  m_Name: Waypoint
  m_TagString: Untagged
  m_Icon: {fileID: 7174288486110832750, guid: 0000000000000000d000000000000000, type: 0}
  m_NavMeshLayer: 0
  m_StaticEditorFlags: 0
  m_IsActive: 1
--- !u!4 &898235799271924702
Transform:
  m_ObjectHideFlags: 0
  m_CorrespondingSourceObject: {fileID: 0}
  m_PrefabInstance: {fileID: 0}
  m_PrefabAsset: {fileID: 0}
  m_GameObject: {fileID: 898235799271924697}
  m_LocalRotation: {x: -0, y: -0, z: -0, w: 1}
  m_LocalPosition: {x: 0, y: 0.015, z: 0}
  m_LocalScale: {x: 1, y: 1, z: 1}
  m_Children: []
  m_Father: {fileID: 288276727129432713}
  m_RootOrder: 1
  m_LocalEulerAnglesHint: {x: 0, y: 0, z: 0}
--- !u!1 &8692404360047784880
GameObject:
  m_ObjectHideFlags: 0
  m_CorrespondingSourceObject: {fileID: 0}
  m_PrefabInstance: {fileID: 0}
  m_PrefabAsset: {fileID: 0}
  serializedVersion: 6
  m_Component:
  - component: {fileID: 3797468195630863923}
  m_Layer: 0
  m_Name: Grid
  m_TagString: Untagged
  m_Icon: {fileID: 0}
  m_NavMeshLayer: 0
  m_StaticEditorFlags: 0
  m_IsActive: 1
--- !u!4 &3797468195630863923
Transform:
  m_ObjectHideFlags: 0
  m_CorrespondingSourceObject: {fileID: 0}
  m_PrefabInstance: {fileID: 0}
  m_PrefabAsset: {fileID: 0}
  m_GameObject: {fileID: 8692404360047784880}
  m_LocalRotation: {x: 0, y: 0, z: 0, w: 1}
  m_LocalPosition: {x: 0, y: 0, z: 0}
  m_LocalScale: {x: 1, y: 1, z: 1}
  m_Children:
  - {fileID: 7099980023366630631}
  - {fileID: 6384699145696923451}
  - {fileID: 3034594797860195706}
  - {fileID: 2369296274618399164}
  - {fileID: 3025860992520202496}
  - {fileID: 1025309818774450168}
  - {fileID: 8374702689297462082}
  - {fileID: 1592580030518996891}
  - {fileID: 3148655342845402722}
  m_Father: {fileID: 288276727129432713}
  m_RootOrder: 0
  m_LocalEulerAnglesHint: {x: 0, y: 0, z: 0}
--- !u!1001 &418521906294426376
PrefabInstance:
  m_ObjectHideFlags: 0
  serializedVersion: 2
  m_Modification:
    m_TransformParent: {fileID: 3797468195630863923}
    m_Modifications:
    - target: {fileID: 349334379248668913, guid: e820c6bd7b890f24cbb4928ce35d49c2, type: 3}
      propertyPath: m_Name
      value: Node (-1, 0)
      objectReference: {fileID: 0}
    - target: {fileID: 2679515456639808180, guid: e820c6bd7b890f24cbb4928ce35d49c2, type: 3}
      propertyPath: m_RootOrder
      value: 3
      objectReference: {fileID: 0}
    - target: {fileID: 2679515456639808180, guid: e820c6bd7b890f24cbb4928ce35d49c2, type: 3}
      propertyPath: m_LocalPosition.x
      value: 0
      objectReference: {fileID: 0}
    - target: {fileID: 2679515456639808180, guid: e820c6bd7b890f24cbb4928ce35d49c2, type: 3}
      propertyPath: m_LocalPosition.y
      value: 0
      objectReference: {fileID: 0}
    - target: {fileID: 2679515456639808180, guid: e820c6bd7b890f24cbb4928ce35d49c2, type: 3}
      propertyPath: m_LocalPosition.z
      value: 0.1
      objectReference: {fileID: 0}
    - target: {fileID: 2679515456639808180, guid: e820c6bd7b890f24cbb4928ce35d49c2, type: 3}
      propertyPath: m_LocalRotation.w
      value: 1
      objectReference: {fileID: 0}
    - target: {fileID: 2679515456639808180, guid: e820c6bd7b890f24cbb4928ce35d49c2, type: 3}
      propertyPath: m_LocalRotation.x
      value: -0
      objectReference: {fileID: 0}
    - target: {fileID: 2679515456639808180, guid: e820c6bd7b890f24cbb4928ce35d49c2, type: 3}
      propertyPath: m_LocalRotation.y
      value: -0
      objectReference: {fileID: 0}
    - target: {fileID: 2679515456639808180, guid: e820c6bd7b890f24cbb4928ce35d49c2, type: 3}
      propertyPath: m_LocalRotation.z
      value: -0
      objectReference: {fileID: 0}
    - target: {fileID: 2679515456639808180, guid: e820c6bd7b890f24cbb4928ce35d49c2, type: 3}
      propertyPath: m_LocalEulerAnglesHint.x
      value: 0
      objectReference: {fileID: 0}
    - target: {fileID: 2679515456639808180, guid: e820c6bd7b890f24cbb4928ce35d49c2, type: 3}
      propertyPath: m_LocalEulerAnglesHint.y
      value: 0
      objectReference: {fileID: 0}
    - target: {fileID: 2679515456639808180, guid: e820c6bd7b890f24cbb4928ce35d49c2, type: 3}
      propertyPath: m_LocalEulerAnglesHint.z
      value: 0
      objectReference: {fileID: 0}
    m_RemovedComponents: []
  m_SourcePrefab: {fileID: 100100000, guid: e820c6bd7b890f24cbb4928ce35d49c2, type: 3}
--- !u!4 &2369296274618399164 stripped
Transform:
  m_CorrespondingSourceObject: {fileID: 2679515456639808180, guid: e820c6bd7b890f24cbb4928ce35d49c2, type: 3}
  m_PrefabInstance: {fileID: 418521906294426376}
  m_PrefabAsset: {fileID: 0}
--- !u!1001 &1053218092680785110
PrefabInstance:
  m_ObjectHideFlags: 0
  serializedVersion: 2
  m_Modification:
    m_TransformParent: {fileID: 3797468195630863923}
    m_Modifications:
    - target: {fileID: 349334379248668913, guid: e820c6bd7b890f24cbb4928ce35d49c2, type: 3}
      propertyPath: m_Name
      value: Node (1, -1)
      objectReference: {fileID: 0}
    - target: {fileID: 2679515456639808180, guid: e820c6bd7b890f24cbb4928ce35d49c2, type: 3}
      propertyPath: m_RootOrder
      value: 8
      objectReference: {fileID: 0}
    - target: {fileID: 2679515456639808180, guid: e820c6bd7b890f24cbb4928ce35d49c2, type: 3}
      propertyPath: m_LocalPosition.x
      value: -0.07
      objectReference: {fileID: 0}
    - target: {fileID: 2679515456639808180, guid: e820c6bd7b890f24cbb4928ce35d49c2, type: 3}
      propertyPath: m_LocalPosition.y
      value: 0
      objectReference: {fileID: 0}
    - target: {fileID: 2679515456639808180, guid: e820c6bd7b890f24cbb4928ce35d49c2, type: 3}
      propertyPath: m_LocalPosition.z
      value: -0.1
      objectReference: {fileID: 0}
    - target: {fileID: 2679515456639808180, guid: e820c6bd7b890f24cbb4928ce35d49c2, type: 3}
      propertyPath: m_LocalRotation.w
      value: 1
      objectReference: {fileID: 0}
    - target: {fileID: 2679515456639808180, guid: e820c6bd7b890f24cbb4928ce35d49c2, type: 3}
      propertyPath: m_LocalRotation.x
      value: -0
      objectReference: {fileID: 0}
    - target: {fileID: 2679515456639808180, guid: e820c6bd7b890f24cbb4928ce35d49c2, type: 3}
      propertyPath: m_LocalRotation.y
      value: -0
      objectReference: {fileID: 0}
    - target: {fileID: 2679515456639808180, guid: e820c6bd7b890f24cbb4928ce35d49c2, type: 3}
      propertyPath: m_LocalRotation.z
      value: -0
      objectReference: {fileID: 0}
    - target: {fileID: 2679515456639808180, guid: e820c6bd7b890f24cbb4928ce35d49c2, type: 3}
      propertyPath: m_LocalEulerAnglesHint.x
      value: 0
      objectReference: {fileID: 0}
    - target: {fileID: 2679515456639808180, guid: e820c6bd7b890f24cbb4928ce35d49c2, type: 3}
      propertyPath: m_LocalEulerAnglesHint.y
      value: 0
      objectReference: {fileID: 0}
    - target: {fileID: 2679515456639808180, guid: e820c6bd7b890f24cbb4928ce35d49c2, type: 3}
      propertyPath: m_LocalEulerAnglesHint.z
      value: 0
      objectReference: {fileID: 0}
    m_RemovedComponents: []
  m_SourcePrefab: {fileID: 100100000, guid: e820c6bd7b890f24cbb4928ce35d49c2, type: 3}
--- !u!4 &3148655342845402722 stripped
Transform:
  m_CorrespondingSourceObject: {fileID: 2679515456639808180, guid: e820c6bd7b890f24cbb4928ce35d49c2, type: 3}
  m_PrefabInstance: {fileID: 1053218092680785110}
  m_PrefabAsset: {fileID: 0}
--- !u!1001 &1095086061003718606
PrefabInstance:
  m_ObjectHideFlags: 0
  serializedVersion: 2
  m_Modification:
    m_TransformParent: {fileID: 3797468195630863923}
    m_Modifications:
    - target: {fileID: 349334379248668913, guid: e820c6bd7b890f24cbb4928ce35d49c2, type: 3}
      propertyPath: m_Name
      value: Node (1, 1)
      objectReference: {fileID: 0}
    - target: {fileID: 2679515456639808180, guid: e820c6bd7b890f24cbb4928ce35d49c2, type: 3}
      propertyPath: m_RootOrder
      value: 2
      objectReference: {fileID: 0}
    - target: {fileID: 2679515456639808180, guid: e820c6bd7b890f24cbb4928ce35d49c2, type: 3}
      propertyPath: m_LocalPosition.x
      value: 0.07
      objectReference: {fileID: 0}
    - target: {fileID: 2679515456639808180, guid: e820c6bd7b890f24cbb4928ce35d49c2, type: 3}
      propertyPath: m_LocalPosition.y
      value: 0
      objectReference: {fileID: 0}
    - target: {fileID: 2679515456639808180, guid: e820c6bd7b890f24cbb4928ce35d49c2, type: 3}
      propertyPath: m_LocalPosition.z
      value: -0.1
      objectReference: {fileID: 0}
    - target: {fileID: 2679515456639808180, guid: e820c6bd7b890f24cbb4928ce35d49c2, type: 3}
      propertyPath: m_LocalRotation.w
      value: 1
      objectReference: {fileID: 0}
    - target: {fileID: 2679515456639808180, guid: e820c6bd7b890f24cbb4928ce35d49c2, type: 3}
      propertyPath: m_LocalRotation.x
      value: -0
      objectReference: {fileID: 0}
    - target: {fileID: 2679515456639808180, guid: e820c6bd7b890f24cbb4928ce35d49c2, type: 3}
      propertyPath: m_LocalRotation.y
      value: -0
      objectReference: {fileID: 0}
    - target: {fileID: 2679515456639808180, guid: e820c6bd7b890f24cbb4928ce35d49c2, type: 3}
      propertyPath: m_LocalRotation.z
      value: -0
      objectReference: {fileID: 0}
    - target: {fileID: 2679515456639808180, guid: e820c6bd7b890f24cbb4928ce35d49c2, type: 3}
      propertyPath: m_LocalEulerAnglesHint.x
      value: 0
      objectReference: {fileID: 0}
    - target: {fileID: 2679515456639808180, guid: e820c6bd7b890f24cbb4928ce35d49c2, type: 3}
      propertyPath: m_LocalEulerAnglesHint.y
      value: 0
      objectReference: {fileID: 0}
    - target: {fileID: 2679515456639808180, guid: e820c6bd7b890f24cbb4928ce35d49c2, type: 3}
      propertyPath: m_LocalEulerAnglesHint.z
      value: 0
      objectReference: {fileID: 0}
    m_RemovedComponents: []
  m_SourcePrefab: {fileID: 100100000, guid: e820c6bd7b890f24cbb4928ce35d49c2, type: 3}
--- !u!4 &3034594797860195706 stripped
Transform:
  m_CorrespondingSourceObject: {fileID: 2679515456639808180, guid: e820c6bd7b890f24cbb4928ce35d49c2, type: 3}
  m_PrefabInstance: {fileID: 1095086061003718606}
  m_PrefabAsset: {fileID: 0}
--- !u!1001 &3104436744908070220
PrefabInstance:
  m_ObjectHideFlags: 0
  serializedVersion: 2
  m_Modification:
    m_TransformParent: {fileID: 3797468195630863923}
    m_Modifications:
    - target: {fileID: 349334379248668913, guid: e820c6bd7b890f24cbb4928ce35d49c2, type: 3}
      propertyPath: m_Name
      value: Node (1, 0)
      objectReference: {fileID: 0}
    - target: {fileID: 2679515456639808180, guid: e820c6bd7b890f24cbb4928ce35d49c2, type: 3}
      propertyPath: m_RootOrder
      value: 5
      objectReference: {fileID: 0}
    - target: {fileID: 2679515456639808180, guid: e820c6bd7b890f24cbb4928ce35d49c2, type: 3}
      propertyPath: m_LocalPosition.x
      value: 0
      objectReference: {fileID: 0}
    - target: {fileID: 2679515456639808180, guid: e820c6bd7b890f24cbb4928ce35d49c2, type: 3}
      propertyPath: m_LocalPosition.y
      value: 0
      objectReference: {fileID: 0}
    - target: {fileID: 2679515456639808180, guid: e820c6bd7b890f24cbb4928ce35d49c2, type: 3}
      propertyPath: m_LocalPosition.z
      value: -0.1
      objectReference: {fileID: 0}
    - target: {fileID: 2679515456639808180, guid: e820c6bd7b890f24cbb4928ce35d49c2, type: 3}
      propertyPath: m_LocalRotation.w
      value: 1
      objectReference: {fileID: 0}
    - target: {fileID: 2679515456639808180, guid: e820c6bd7b890f24cbb4928ce35d49c2, type: 3}
      propertyPath: m_LocalRotation.x
      value: -0
      objectReference: {fileID: 0}
    - target: {fileID: 2679515456639808180, guid: e820c6bd7b890f24cbb4928ce35d49c2, type: 3}
      propertyPath: m_LocalRotation.y
      value: -0
      objectReference: {fileID: 0}
    - target: {fileID: 2679515456639808180, guid: e820c6bd7b890f24cbb4928ce35d49c2, type: 3}
      propertyPath: m_LocalRotation.z
      value: -0
      objectReference: {fileID: 0}
    - target: {fileID: 2679515456639808180, guid: e820c6bd7b890f24cbb4928ce35d49c2, type: 3}
      propertyPath: m_LocalEulerAnglesHint.x
      value: 0
      objectReference: {fileID: 0}
    - target: {fileID: 2679515456639808180, guid: e820c6bd7b890f24cbb4928ce35d49c2, type: 3}
      propertyPath: m_LocalEulerAnglesHint.y
      value: 0
      objectReference: {fileID: 0}
    - target: {fileID: 2679515456639808180, guid: e820c6bd7b890f24cbb4928ce35d49c2, type: 3}
      propertyPath: m_LocalEulerAnglesHint.z
      value: 0
      objectReference: {fileID: 0}
    m_RemovedComponents: []
  m_SourcePrefab: {fileID: 100100000, guid: e820c6bd7b890f24cbb4928ce35d49c2, type: 3}
--- !u!4 &1025309818774450168 stripped
Transform:
  m_CorrespondingSourceObject: {fileID: 2679515456639808180, guid: e820c6bd7b890f24cbb4928ce35d49c2, type: 3}
  m_PrefabInstance: {fileID: 3104436744908070220}
  m_PrefabAsset: {fileID: 0}
--- !u!1001 &3741556423700836105
PrefabInstance:
  m_ObjectHideFlags: 0
  serializedVersion: 2
  m_Modification:
    m_TransformParent: {fileID: 3797468195630863923}
    m_Modifications:
    - target: {fileID: 4228565091792462335, guid: cd21d5360ffcb2d458422127d9e1e5d4, type: 3}
      propertyPath: m_Name
      value: Path (0, 1)
      objectReference: {fileID: 0}
    - target: {fileID: 7743851279512084530, guid: cd21d5360ffcb2d458422127d9e1e5d4, type: 3}
      propertyPath: m_RootOrder
      value: 1
      objectReference: {fileID: 0}
    - target: {fileID: 7743851279512084530, guid: cd21d5360ffcb2d458422127d9e1e5d4, type: 3}
      propertyPath: m_LocalPosition.x
      value: 0.07
      objectReference: {fileID: 0}
    - target: {fileID: 7743851279512084530, guid: cd21d5360ffcb2d458422127d9e1e5d4, type: 3}
      propertyPath: m_LocalPosition.y
      value: 0
      objectReference: {fileID: 0}
    - target: {fileID: 7743851279512084530, guid: cd21d5360ffcb2d458422127d9e1e5d4, type: 3}
      propertyPath: m_LocalPosition.z
      value: 0
      objectReference: {fileID: 0}
    - target: {fileID: 7743851279512084530, guid: cd21d5360ffcb2d458422127d9e1e5d4, type: 3}
      propertyPath: m_LocalRotation.w
      value: 1
      objectReference: {fileID: 0}
    - target: {fileID: 7743851279512084530, guid: cd21d5360ffcb2d458422127d9e1e5d4, type: 3}
      propertyPath: m_LocalRotation.x
      value: -0
      objectReference: {fileID: 0}
    - target: {fileID: 7743851279512084530, guid: cd21d5360ffcb2d458422127d9e1e5d4, type: 3}
      propertyPath: m_LocalRotation.y
      value: -0
      objectReference: {fileID: 0}
    - target: {fileID: 7743851279512084530, guid: cd21d5360ffcb2d458422127d9e1e5d4, type: 3}
      propertyPath: m_LocalRotation.z
      value: -0
      objectReference: {fileID: 0}
    - target: {fileID: 7743851279512084530, guid: cd21d5360ffcb2d458422127d9e1e5d4, type: 3}
      propertyPath: m_LocalEulerAnglesHint.x
      value: 0
      objectReference: {fileID: 0}
    - target: {fileID: 7743851279512084530, guid: cd21d5360ffcb2d458422127d9e1e5d4, type: 3}
      propertyPath: m_LocalEulerAnglesHint.y
      value: 0
      objectReference: {fileID: 0}
    - target: {fileID: 7743851279512084530, guid: cd21d5360ffcb2d458422127d9e1e5d4, type: 3}
      propertyPath: m_LocalEulerAnglesHint.z
      value: 0
      objectReference: {fileID: 0}
    m_RemovedComponents: []
  m_SourcePrefab: {fileID: 100100000, guid: cd21d5360ffcb2d458422127d9e1e5d4, type: 3}
--- !u!4 &6384699145696923451 stripped
Transform:
  m_CorrespondingSourceObject: {fileID: 7743851279512084530, guid: cd21d5360ffcb2d458422127d9e1e5d4, type: 3}
  m_PrefabInstance: {fileID: 3741556423700836105}
  m_PrefabAsset: {fileID: 0}
--- !u!1001 &4794551568506882354
PrefabInstance:
  m_ObjectHideFlags: 0
  serializedVersion: 2
  m_Modification:
    m_TransformParent: {fileID: 3797468195630863923}
    m_Modifications:
    - target: {fileID: 4228565091792462335, guid: cd21d5360ffcb2d458422127d9e1e5d4, type: 3}
      propertyPath: m_Name
      value: Path (0, 0)
      objectReference: {fileID: 0}
    - target: {fileID: 7743851279512084530, guid: cd21d5360ffcb2d458422127d9e1e5d4, type: 3}
      propertyPath: m_RootOrder
      value: 4
      objectReference: {fileID: 0}
    - target: {fileID: 7743851279512084530, guid: cd21d5360ffcb2d458422127d9e1e5d4, type: 3}
      propertyPath: m_LocalPosition.x
      value: 0
      objectReference: {fileID: 0}
    - target: {fileID: 7743851279512084530, guid: cd21d5360ffcb2d458422127d9e1e5d4, type: 3}
      propertyPath: m_LocalPosition.y
      value: 0
      objectReference: {fileID: 0}
    - target: {fileID: 7743851279512084530, guid: cd21d5360ffcb2d458422127d9e1e5d4, type: 3}
      propertyPath: m_LocalPosition.z
      value: 0
      objectReference: {fileID: 0}
    - target: {fileID: 7743851279512084530, guid: cd21d5360ffcb2d458422127d9e1e5d4, type: 3}
      propertyPath: m_LocalRotation.w
      value: 1
      objectReference: {fileID: 0}
    - target: {fileID: 7743851279512084530, guid: cd21d5360ffcb2d458422127d9e1e5d4, type: 3}
      propertyPath: m_LocalRotation.x
      value: -0
      objectReference: {fileID: 0}
    - target: {fileID: 7743851279512084530, guid: cd21d5360ffcb2d458422127d9e1e5d4, type: 3}
      propertyPath: m_LocalRotation.y
      value: -0
      objectReference: {fileID: 0}
    - target: {fileID: 7743851279512084530, guid: cd21d5360ffcb2d458422127d9e1e5d4, type: 3}
      propertyPath: m_LocalRotation.z
      value: -0
      objectReference: {fileID: 0}
    - target: {fileID: 7743851279512084530, guid: cd21d5360ffcb2d458422127d9e1e5d4, type: 3}
      propertyPath: m_LocalEulerAnglesHint.x
      value: 0
      objectReference: {fileID: 0}
    - target: {fileID: 7743851279512084530, guid: cd21d5360ffcb2d458422127d9e1e5d4, type: 3}
      propertyPath: m_LocalEulerAnglesHint.y
      value: 0
      objectReference: {fileID: 0}
    - target: {fileID: 7743851279512084530, guid: cd21d5360ffcb2d458422127d9e1e5d4, type: 3}
      propertyPath: m_LocalEulerAnglesHint.z
      value: 0
      objectReference: {fileID: 0}
    m_RemovedComponents: []
  m_SourcePrefab: {fileID: 100100000, guid: cd21d5360ffcb2d458422127d9e1e5d4, type: 3}
--- !u!4 &3025860992520202496 stripped
Transform:
  m_CorrespondingSourceObject: {fileID: 7743851279512084530, guid: cd21d5360ffcb2d458422127d9e1e5d4, type: 3}
  m_PrefabInstance: {fileID: 4794551568506882354}
  m_PrefabAsset: {fileID: 0}
--- !u!1001 &5163305687967338067
PrefabInstance:
  m_ObjectHideFlags: 0
  serializedVersion: 2
  m_Modification:
    m_TransformParent: {fileID: 3797468195630863923}
    m_Modifications:
    - target: {fileID: 349334379248668913, guid: e820c6bd7b890f24cbb4928ce35d49c2, type: 3}
      propertyPath: m_Name
      value: Node (-1, 1)
      objectReference: {fileID: 0}
    - target: {fileID: 2679515456639808180, guid: e820c6bd7b890f24cbb4928ce35d49c2, type: 3}
      propertyPath: m_RootOrder
      value: 0
      objectReference: {fileID: 0}
    - target: {fileID: 2679515456639808180, guid: e820c6bd7b890f24cbb4928ce35d49c2, type: 3}
      propertyPath: m_LocalPosition.x
      value: 0.07
      objectReference: {fileID: 0}
    - target: {fileID: 2679515456639808180, guid: e820c6bd7b890f24cbb4928ce35d49c2, type: 3}
      propertyPath: m_LocalPosition.y
      value: 0
      objectReference: {fileID: 0}
    - target: {fileID: 2679515456639808180, guid: e820c6bd7b890f24cbb4928ce35d49c2, type: 3}
      propertyPath: m_LocalPosition.z
      value: 0.100000024
      objectReference: {fileID: 0}
    - target: {fileID: 2679515456639808180, guid: e820c6bd7b890f24cbb4928ce35d49c2, type: 3}
      propertyPath: m_LocalRotation.w
      value: 1
      objectReference: {fileID: 0}
    - target: {fileID: 2679515456639808180, guid: e820c6bd7b890f24cbb4928ce35d49c2, type: 3}
      propertyPath: m_LocalRotation.x
      value: -0
      objectReference: {fileID: 0}
    - target: {fileID: 2679515456639808180, guid: e820c6bd7b890f24cbb4928ce35d49c2, type: 3}
      propertyPath: m_LocalRotation.y
      value: -0
      objectReference: {fileID: 0}
    - target: {fileID: 2679515456639808180, guid: e820c6bd7b890f24cbb4928ce35d49c2, type: 3}
      propertyPath: m_LocalRotation.z
      value: -0
      objectReference: {fileID: 0}
    - target: {fileID: 2679515456639808180, guid: e820c6bd7b890f24cbb4928ce35d49c2, type: 3}
      propertyPath: m_LocalEulerAnglesHint.x
      value: 0
      objectReference: {fileID: 0}
    - target: {fileID: 2679515456639808180, guid: e820c6bd7b890f24cbb4928ce35d49c2, type: 3}
      propertyPath: m_LocalEulerAnglesHint.y
      value: 0
      objectReference: {fileID: 0}
    - target: {fileID: 2679515456639808180, guid: e820c6bd7b890f24cbb4928ce35d49c2, type: 3}
      propertyPath: m_LocalEulerAnglesHint.z
      value: 0
      objectReference: {fileID: 0}
    m_RemovedComponents: []
  m_SourcePrefab: {fileID: 100100000, guid: e820c6bd7b890f24cbb4928ce35d49c2, type: 3}
--- !u!4 &7099980023366630631 stripped
Transform:
  m_CorrespondingSourceObject: {fileID: 2679515456639808180, guid: e820c6bd7b890f24cbb4928ce35d49c2, type: 3}
  m_PrefabInstance: {fileID: 5163305687967338067}
  m_PrefabAsset: {fileID: 0}
--- !u!1001 &5843251904623821302
PrefabInstance:
  m_ObjectHideFlags: 0
  serializedVersion: 2
  m_Modification:
    m_TransformParent: {fileID: 3797468195630863923}
    m_Modifications:
    - target: {fileID: 349334379248668913, guid: e820c6bd7b890f24cbb4928ce35d49c2, type: 3}
      propertyPath: m_Name
      value: Node (-1, -1)
      objectReference: {fileID: 0}
    - target: {fileID: 2679515456639808180, guid: e820c6bd7b890f24cbb4928ce35d49c2, type: 3}
      propertyPath: m_RootOrder
      value: 6
      objectReference: {fileID: 0}
    - target: {fileID: 2679515456639808180, guid: e820c6bd7b890f24cbb4928ce35d49c2, type: 3}
      propertyPath: m_LocalPosition.x
      value: -0.07
      objectReference: {fileID: 0}
    - target: {fileID: 2679515456639808180, guid: e820c6bd7b890f24cbb4928ce35d49c2, type: 3}
      propertyPath: m_LocalPosition.y
      value: 0
      objectReference: {fileID: 0}
    - target: {fileID: 2679515456639808180, guid: e820c6bd7b890f24cbb4928ce35d49c2, type: 3}
      propertyPath: m_LocalPosition.z
      value: 0.100000024
      objectReference: {fileID: 0}
    - target: {fileID: 2679515456639808180, guid: e820c6bd7b890f24cbb4928ce35d49c2, type: 3}
      propertyPath: m_LocalRotation.w
      value: 1
      objectReference: {fileID: 0}
    - target: {fileID: 2679515456639808180, guid: e820c6bd7b890f24cbb4928ce35d49c2, type: 3}
      propertyPath: m_LocalRotation.x
      value: -0
      objectReference: {fileID: 0}
    - target: {fileID: 2679515456639808180, guid: e820c6bd7b890f24cbb4928ce35d49c2, type: 3}
      propertyPath: m_LocalRotation.y
      value: -0
      objectReference: {fileID: 0}
    - target: {fileID: 2679515456639808180, guid: e820c6bd7b890f24cbb4928ce35d49c2, type: 3}
      propertyPath: m_LocalRotation.z
      value: -0
      objectReference: {fileID: 0}
    - target: {fileID: 2679515456639808180, guid: e820c6bd7b890f24cbb4928ce35d49c2, type: 3}
      propertyPath: m_LocalEulerAnglesHint.x
      value: 0
      objectReference: {fileID: 0}
    - target: {fileID: 2679515456639808180, guid: e820c6bd7b890f24cbb4928ce35d49c2, type: 3}
      propertyPath: m_LocalEulerAnglesHint.y
      value: 0
      objectReference: {fileID: 0}
    - target: {fileID: 2679515456639808180, guid: e820c6bd7b890f24cbb4928ce35d49c2, type: 3}
      propertyPath: m_LocalEulerAnglesHint.z
      value: 0
      objectReference: {fileID: 0}
    m_RemovedComponents: []
  m_SourcePrefab: {fileID: 100100000, guid: e820c6bd7b890f24cbb4928ce35d49c2, type: 3}
--- !u!4 &8374702689297462082 stripped
Transform:
  m_CorrespondingSourceObject: {fileID: 2679515456639808180, guid: e820c6bd7b890f24cbb4928ce35d49c2, type: 3}
  m_PrefabInstance: {fileID: 5843251904623821302}
  m_PrefabAsset: {fileID: 0}
--- !u!1001 &9038254601361592233
PrefabInstance:
  m_ObjectHideFlags: 0
  serializedVersion: 2
  m_Modification:
    m_TransformParent: {fileID: 3797468195630863923}
    m_Modifications:
    - target: {fileID: 4228565091792462335, guid: cd21d5360ffcb2d458422127d9e1e5d4, type: 3}
      propertyPath: m_Name
      value: Path (0, -1)
      objectReference: {fileID: 0}
    - target: {fileID: 7743851279512084530, guid: cd21d5360ffcb2d458422127d9e1e5d4, type: 3}
      propertyPath: m_RootOrder
      value: 7
      objectReference: {fileID: 0}
    - target: {fileID: 7743851279512084530, guid: cd21d5360ffcb2d458422127d9e1e5d4, type: 3}
      propertyPath: m_LocalPosition.x
      value: -0.07
      objectReference: {fileID: 0}
    - target: {fileID: 7743851279512084530, guid: cd21d5360ffcb2d458422127d9e1e5d4, type: 3}
      propertyPath: m_LocalPosition.y
      value: 0
      objectReference: {fileID: 0}
    - target: {fileID: 7743851279512084530, guid: cd21d5360ffcb2d458422127d9e1e5d4, type: 3}
      propertyPath: m_LocalPosition.z
      value: 0
      objectReference: {fileID: 0}
    - target: {fileID: 7743851279512084530, guid: cd21d5360ffcb2d458422127d9e1e5d4, type: 3}
      propertyPath: m_LocalRotation.w
      value: 1
      objectReference: {fileID: 0}
    - target: {fileID: 7743851279512084530, guid: cd21d5360ffcb2d458422127d9e1e5d4, type: 3}
      propertyPath: m_LocalRotation.x
      value: -0
      objectReference: {fileID: 0}
    - target: {fileID: 7743851279512084530, guid: cd21d5360ffcb2d458422127d9e1e5d4, type: 3}
      propertyPath: m_LocalRotation.y
      value: -0
      objectReference: {fileID: 0}
    - target: {fileID: 7743851279512084530, guid: cd21d5360ffcb2d458422127d9e1e5d4, type: 3}
      propertyPath: m_LocalRotation.z
      value: -0
      objectReference: {fileID: 0}
    - target: {fileID: 7743851279512084530, guid: cd21d5360ffcb2d458422127d9e1e5d4, type: 3}
      propertyPath: m_LocalEulerAnglesHint.x
      value: 0
      objectReference: {fileID: 0}
    - target: {fileID: 7743851279512084530, guid: cd21d5360ffcb2d458422127d9e1e5d4, type: 3}
      propertyPath: m_LocalEulerAnglesHint.y
      value: 0
      objectReference: {fileID: 0}
    - target: {fileID: 7743851279512084530, guid: cd21d5360ffcb2d458422127d9e1e5d4, type: 3}
      propertyPath: m_LocalEulerAnglesHint.z
      value: 0
      objectReference: {fileID: 0}
    m_RemovedComponents: []
  m_SourcePrefab: {fileID: 100100000, guid: cd21d5360ffcb2d458422127d9e1e5d4, type: 3}
--- !u!4 &1592580030518996891 stripped
Transform:
  m_CorrespondingSourceObject: {fileID: 7743851279512084530, guid: cd21d5360ffcb2d458422127d9e1e5d4, type: 3}
  m_PrefabInstance: {fileID: 9038254601361592233}
  m_PrefabAsset: {fileID: 0}
