%YAML 1.1
%TAG !u! tag:unity3d.com,2011:
--- !u!1 &288276727129432712
GameObject:
  m_ObjectHideFlags: 0
  m_CorrespondingSourceObject: {fileID: 0}
  m_PrefabInstance: {fileID: 0}
  m_PrefabAsset: {fileID: 0}
  serializedVersion: 6
  m_Component:
  - component: {fileID: 288276727129432713}
  - component: {fileID: 2259620198163333488}
  - component: {fileID: 1802459470899351221}
  m_Layer: 0
  m_Name: A4 Grid - End
  m_TagString: Tile
  m_Icon: {fileID: 0}
  m_NavMeshLayer: 0
  m_StaticEditorFlags: 0
  m_IsActive: 1
--- !u!4 &288276727129432713
Transform:
  m_ObjectHideFlags: 0
  m_CorrespondingSourceObject: {fileID: 0}
  m_PrefabInstance: {fileID: 0}
  m_PrefabAsset: {fileID: 0}
  m_GameObject: {fileID: 288276727129432712}
  m_LocalRotation: {x: 0, y: -0.7071068, z: 0, w: 0.7071068}
  m_LocalPosition: {x: 0, y: 0, z: 0}
  m_LocalScale: {x: 1, y: 1, z: 1}
  m_Children:
  - {fileID: 3797468195630863923}
  - {fileID: 898235799271924702}
  - {fileID: 5791469067697779132}
  m_Father: {fileID: 0}
  m_RootOrder: 0
  m_LocalEulerAnglesHint: {x: 0, y: -90, z: 0}
--- !u!114 &2259620198163333488
MonoBehaviour:
  m_ObjectHideFlags: 0
  m_CorrespondingSourceObject: {fileID: 0}
  m_PrefabInstance: {fileID: 0}
  m_PrefabAsset: {fileID: 0}
  m_GameObject: {fileID: 288276727129432712}
  m_Enabled: 1
  m_EditorHideFlags: 0
  m_Script: {fileID: 11500000, guid: b91076bc2d3e7ab459b5af0ed1d93fc2, type: 3}
  m_Name: 
  m_EditorClassIdentifier: 
  type: 1
  dir1: {x: 1, y: 0, z: 0}
  dir2: {x: -1, y: 0, z: 0}
  next1: {fileID: 0}
  next2: {fileID: 0}
  pathNext: {fileID: 0}
  spawnPrefab: {fileID: 0}
--- !u!120 &1802459470899351221
LineRenderer:
  m_ObjectHideFlags: 0
  m_CorrespondingSourceObject: {fileID: 0}
  m_PrefabInstance: {fileID: 0}
  m_PrefabAsset: {fileID: 0}
  m_GameObject: {fileID: 288276727129432712}
  m_Enabled: 1
  m_CastShadows: 1
  m_ReceiveShadows: 1
  m_DynamicOccludee: 1
  m_MotionVectors: 0
  m_LightProbeUsage: 0
  m_ReflectionProbeUsage: 0
  m_RayTracingMode: 0
  m_RayTraceProcedural: 0
  m_RenderingLayerMask: 1
  m_RendererPriority: 0
  m_Materials:
  - {fileID: 0}
  m_StaticBatchInfo:
    firstSubMesh: 0
    subMeshCount: 0
  m_StaticBatchRoot: {fileID: 0}
  m_ProbeAnchor: {fileID: 0}
  m_LightProbeVolumeOverride: {fileID: 0}
  m_ScaleInLightmap: 1
  m_ReceiveGI: 1
  m_PreserveUVs: 0
  m_IgnoreNormalsForChartDetection: 0
  m_ImportantGI: 0
  m_StitchLightmapSeams: 1
  m_SelectedEditorRenderState: 3
  m_MinimumChartSize: 4
  m_AutoUVMaxDistance: 0.5
  m_AutoUVMaxAngle: 89
  m_LightmapParameters: {fileID: 0}
  m_SortingLayerID: 0
  m_SortingLayer: 0
  m_SortingOrder: 0
  m_Positions:
  - {x: 0, y: 0, z: 0}
  - {x: 0, y: 0, z: 1}
  m_Parameters:
    serializedVersion: 3
    widthMultiplier: 0.01
    widthCurve:
      serializedVersion: 2
      m_Curve:
      - serializedVersion: 3
        time: 0
        value: 1
        inSlope: 0
        outSlope: 0
        tangentMode: 0
        weightedMode: 0
        inWeight: 0.33333334
        outWeight: 0.33333334
      m_PreInfinity: 2
      m_PostInfinity: 2
      m_RotationOrder: 4
    colorGradient:
      serializedVersion: 2
      key0: {r: 1, g: 1, b: 1, a: 1}
      key1: {r: 1, g: 1, b: 1, a: 1}
      key2: {r: 0, g: 0, b: 0, a: 0}
      key3: {r: 0, g: 0, b: 0, a: 0}
      key4: {r: 0, g: 0, b: 0, a: 0}
      key5: {r: 0, g: 0, b: 0, a: 0}
      key6: {r: 0, g: 0, b: 0, a: 0}
      key7: {r: 0, g: 0, b: 0, a: 0}
      ctime0: 0
      ctime1: 65535
      ctime2: 0
      ctime3: 0
      ctime4: 0
      ctime5: 0
      ctime6: 0
      ctime7: 0
      atime0: 0
      atime1: 65535
      atime2: 0
      atime3: 0
      atime4: 0
      atime5: 0
      atime6: 0
      atime7: 0
      m_Mode: 0
      m_NumColorKeys: 2
      m_NumAlphaKeys: 2
    numCornerVertices: 0
    numCapVertices: 0
    alignment: 0
    textureMode: 0
    shadowBias: 0.5
    generateLightingData: 0
  m_UseWorldSpace: 1
  m_Loop: 0
--- !u!1 &898235799271924697
GameObject:
  m_ObjectHideFlags: 0
  m_CorrespondingSourceObject: {fileID: 0}
  m_PrefabInstance: {fileID: 0}
  m_PrefabAsset: {fileID: 0}
  serializedVersion: 6
  m_Component:
  - component: {fileID: 898235799271924702}
  m_Layer: 0
  m_Name: Waypoint
  m_TagString: Untagged
  m_Icon: {fileID: 7174288486110832750, guid: 0000000000000000d000000000000000, type: 0}
  m_NavMeshLayer: 0
  m_StaticEditorFlags: 0
  m_IsActive: 1
--- !u!4 &898235799271924702
Transform:
  m_ObjectHideFlags: 0
  m_CorrespondingSourceObject: {fileID: 0}
  m_PrefabInstance: {fileID: 0}
  m_PrefabAsset: {fileID: 0}
  m_GameObject: {fileID: 898235799271924697}
  m_LocalRotation: {x: -0, y: -0, z: -0, w: 1}
  m_LocalPosition: {x: 0, y: 0.015, z: 0}
  m_LocalScale: {x: 1, y: 1, z: 1}
  m_Children: []
  m_Father: {fileID: 288276727129432713}
  m_RootOrder: 1
  m_LocalEulerAnglesHint: {x: 0, y: 0, z: 0}
--- !u!1 &8692404360047784880
GameObject:
  m_ObjectHideFlags: 0
  m_CorrespondingSourceObject: {fileID: 0}
  m_PrefabInstance: {fileID: 0}
  m_PrefabAsset: {fileID: 0}
  serializedVersion: 6
  m_Component:
  - component: {fileID: 3797468195630863923}
  m_Layer: 0
  m_Name: Grid
  m_TagString: Untagged
  m_Icon: {fileID: 0}
  m_NavMeshLayer: 0
  m_StaticEditorFlags: 0
  m_IsActive: 1
--- !u!4 &3797468195630863923
Transform:
  m_ObjectHideFlags: 0
  m_CorrespondingSourceObject: {fileID: 0}
  m_PrefabInstance: {fileID: 0}
  m_PrefabAsset: {fileID: 0}
  m_GameObject: {fileID: 8692404360047784880}
  m_LocalRotation: {x: 0, y: 0, z: 0, w: 1}
  m_LocalPosition: {x: 0, y: 0, z: 0}
  m_LocalScale: {x: 1, y: 1, z: 1}
  m_Children:
  - {fileID: 6873425664126649433}
  - {fileID: 1935834890889378534}
  - {fileID: 5751719809397244788}
  - {fileID: 8821629463644140148}
  - {fileID: 3450217109770048555}
  - {fileID: 2238320606609671697}
  - {fileID: 4738560733955187536}
  - {fileID: 6346079497566513245}
  - {fileID: 2685952221710843173}
  m_Father: {fileID: 288276727129432713}
  m_RootOrder: 0
  m_LocalEulerAnglesHint: {x: 0, y: 0, z: 0}
--- !u!1001 &790823180943539241
PrefabInstance:
  m_ObjectHideFlags: 0
  serializedVersion: 2
  m_Modification:
    m_TransformParent: {fileID: 288276727129432713}
    m_Modifications:
    - target: {fileID: 6532188756005440917, guid: 4ddeae506a07a2c4db37aa5e6e1fb3f9, type: 3}
      propertyPath: m_RootOrder
      value: 2
      objectReference: {fileID: 0}
    - target: {fileID: 6532188756005440917, guid: 4ddeae506a07a2c4db37aa5e6e1fb3f9, type: 3}
      propertyPath: m_LocalPosition.x
      value: 0
      objectReference: {fileID: 0}
    - target: {fileID: 6532188756005440917, guid: 4ddeae506a07a2c4db37aa5e6e1fb3f9, type: 3}
      propertyPath: m_LocalPosition.y
      value: 0.025
      objectReference: {fileID: 0}
    - target: {fileID: 6532188756005440917, guid: 4ddeae506a07a2c4db37aa5e6e1fb3f9, type: 3}
      propertyPath: m_LocalPosition.z
      value: 0
      objectReference: {fileID: 0}
    - target: {fileID: 6532188756005440917, guid: 4ddeae506a07a2c4db37aa5e6e1fb3f9, type: 3}
      propertyPath: m_LocalRotation.w
      value: 1
      objectReference: {fileID: 0}
    - target: {fileID: 6532188756005440917, guid: 4ddeae506a07a2c4db37aa5e6e1fb3f9, type: 3}
      propertyPath: m_LocalRotation.x
      value: -0
      objectReference: {fileID: 0}
    - target: {fileID: 6532188756005440917, guid: 4ddeae506a07a2c4db37aa5e6e1fb3f9, type: 3}
      propertyPath: m_LocalRotation.y
      value: -0
      objectReference: {fileID: 0}
    - target: {fileID: 6532188756005440917, guid: 4ddeae506a07a2c4db37aa5e6e1fb3f9, type: 3}
      propertyPath: m_LocalRotation.z
      value: -0
      objectReference: {fileID: 0}
    - target: {fileID: 6532188756005440917, guid: 4ddeae506a07a2c4db37aa5e6e1fb3f9, type: 3}
      propertyPath: m_LocalEulerAnglesHint.x
      value: 0
      objectReference: {fileID: 0}
    - target: {fileID: 6532188756005440917, guid: 4ddeae506a07a2c4db37aa5e6e1fb3f9, type: 3}
      propertyPath: m_LocalEulerAnglesHint.y
      value: 0
      objectReference: {fileID: 0}
    - target: {fileID: 6532188756005440917, guid: 4ddeae506a07a2c4db37aa5e6e1fb3f9, type: 3}
      propertyPath: m_LocalEulerAnglesHint.z
      value: 0
      objectReference: {fileID: 0}
    - target: {fileID: 6532188756005440921, guid: 4ddeae506a07a2c4db37aa5e6e1fb3f9, type: 3}
      propertyPath: m_Name
      value: End Node
      objectReference: {fileID: 0}
    m_RemovedComponents: []
  m_SourcePrefab: {fileID: 100100000, guid: 4ddeae506a07a2c4db37aa5e6e1fb3f9, type: 3}
--- !u!4 &5791469067697779132 stripped
Transform:
  m_CorrespondingSourceObject: {fileID: 6532188756005440917, guid: 4ddeae506a07a2c4db37aa5e6e1fb3f9, type: 3}
  m_PrefabInstance: {fileID: 790823180943539241}
  m_PrefabAsset: {fileID: 0}
--- !u!1001 &929781079413317799
PrefabInstance:
  m_ObjectHideFlags: 0
  serializedVersion: 2
  m_Modification:
    m_TransformParent: {fileID: 3797468195630863923}
    m_Modifications:
    - target: {fileID: 6304229606806417558, guid: de754d98e1685cb4c8d1cb3edbba70a7, type: 3}
      propertyPath: m_Name
      value: Nodeless (-1, 0)
      objectReference: {fileID: 0}
    - target: {fileID: 8542070330602001107, guid: de754d98e1685cb4c8d1cb3edbba70a7, type: 3}
      propertyPath: m_RootOrder
      value: 3
      objectReference: {fileID: 0}
    - target: {fileID: 8542070330602001107, guid: de754d98e1685cb4c8d1cb3edbba70a7, type: 3}
      propertyPath: m_LocalPosition.x
      value: 0
      objectReference: {fileID: 0}
    - target: {fileID: 8542070330602001107, guid: de754d98e1685cb4c8d1cb3edbba70a7, type: 3}
      propertyPath: m_LocalPosition.y
      value: 0
      objectReference: {fileID: 0}
    - target: {fileID: 8542070330602001107, guid: de754d98e1685cb4c8d1cb3edbba70a7, type: 3}
      propertyPath: m_LocalPosition.z
      value: 0.1
      objectReference: {fileID: 0}
    - target: {fileID: 8542070330602001107, guid: de754d98e1685cb4c8d1cb3edbba70a7, type: 3}
      propertyPath: m_LocalRotation.w
      value: 1
      objectReference: {fileID: 0}
    - target: {fileID: 8542070330602001107, guid: de754d98e1685cb4c8d1cb3edbba70a7, type: 3}
      propertyPath: m_LocalRotation.x
      value: -0
      objectReference: {fileID: 0}
    - target: {fileID: 8542070330602001107, guid: de754d98e1685cb4c8d1cb3edbba70a7, type: 3}
      propertyPath: m_LocalRotation.y
      value: -0
      objectReference: {fileID: 0}
    - target: {fileID: 8542070330602001107, guid: de754d98e1685cb4c8d1cb3edbba70a7, type: 3}
      propertyPath: m_LocalRotation.z
      value: -0
      objectReference: {fileID: 0}
    - target: {fileID: 8542070330602001107, guid: de754d98e1685cb4c8d1cb3edbba70a7, type: 3}
      propertyPath: m_LocalEulerAnglesHint.x
      value: 0
      objectReference: {fileID: 0}
    - target: {fileID: 8542070330602001107, guid: de754d98e1685cb4c8d1cb3edbba70a7, type: 3}
      propertyPath: m_LocalEulerAnglesHint.y
      value: 0
      objectReference: {fileID: 0}
    - target: {fileID: 8542070330602001107, guid: de754d98e1685cb4c8d1cb3edbba70a7, type: 3}
      propertyPath: m_LocalEulerAnglesHint.z
      value: 0
      objectReference: {fileID: 0}
    m_RemovedComponents: []
  m_SourcePrefab: {fileID: 100100000, guid: de754d98e1685cb4c8d1cb3edbba70a7, type: 3}
--- !u!4 &8821629463644140148 stripped
Transform:
  m_CorrespondingSourceObject: {fileID: 8542070330602001107, guid: de754d98e1685cb4c8d1cb3edbba70a7, type: 3}
  m_PrefabInstance: {fileID: 929781079413317799}
  m_PrefabAsset: {fileID: 0}
--- !u!1001 &3019900547684439690
PrefabInstance:
  m_ObjectHideFlags: 0
  serializedVersion: 2
  m_Modification:
    m_TransformParent: {fileID: 3797468195630863923}
    m_Modifications:
    - target: {fileID: 6304229606806417558, guid: de754d98e1685cb4c8d1cb3edbba70a7, type: 3}
      propertyPath: m_Name
      value: Nodeless (-1, 1)
      objectReference: {fileID: 0}
    - target: {fileID: 8542070330602001107, guid: de754d98e1685cb4c8d1cb3edbba70a7, type: 3}
      propertyPath: m_RootOrder
      value: 0
      objectReference: {fileID: 0}
    - target: {fileID: 8542070330602001107, guid: de754d98e1685cb4c8d1cb3edbba70a7, type: 3}
      propertyPath: m_LocalPosition.x
      value: 0.07
      objectReference: {fileID: 0}
    - target: {fileID: 8542070330602001107, guid: de754d98e1685cb4c8d1cb3edbba70a7, type: 3}
      propertyPath: m_LocalPosition.y
      value: 0
      objectReference: {fileID: 0}
    - target: {fileID: 8542070330602001107, guid: de754d98e1685cb4c8d1cb3edbba70a7, type: 3}
      propertyPath: m_LocalPosition.z
      value: 0.100000024
      objectReference: {fileID: 0}
    - target: {fileID: 8542070330602001107, guid: de754d98e1685cb4c8d1cb3edbba70a7, type: 3}
      propertyPath: m_LocalRotation.w
      value: 1
      objectReference: {fileID: 0}
    - target: {fileID: 8542070330602001107, guid: de754d98e1685cb4c8d1cb3edbba70a7, type: 3}
      propertyPath: m_LocalRotation.x
      value: -0
      objectReference: {fileID: 0}
    - target: {fileID: 8542070330602001107, guid: de754d98e1685cb4c8d1cb3edbba70a7, type: 3}
      propertyPath: m_LocalRotation.y
      value: -0
      objectReference: {fileID: 0}
    - target: {fileID: 8542070330602001107, guid: de754d98e1685cb4c8d1cb3edbba70a7, type: 3}
      propertyPath: m_LocalRotation.z
      value: -0
      objectReference: {fileID: 0}
    - target: {fileID: 8542070330602001107, guid: de754d98e1685cb4c8d1cb3edbba70a7, type: 3}
      propertyPath: m_LocalEulerAnglesHint.x
      value: 0
      objectReference: {fileID: 0}
    - target: {fileID: 8542070330602001107, guid: de754d98e1685cb4c8d1cb3edbba70a7, type: 3}
      propertyPath: m_LocalEulerAnglesHint.y
      value: 0
      objectReference: {fileID: 0}
    - target: {fileID: 8542070330602001107, guid: de754d98e1685cb4c8d1cb3edbba70a7, type: 3}
      propertyPath: m_LocalEulerAnglesHint.z
      value: 0
      objectReference: {fileID: 0}
    m_RemovedComponents: []
  m_SourcePrefab: {fileID: 100100000, guid: de754d98e1685cb4c8d1cb3edbba70a7, type: 3}
--- !u!4 &6873425664126649433 stripped
Transform:
  m_CorrespondingSourceObject: {fileID: 8542070330602001107, guid: de754d98e1685cb4c8d1cb3edbba70a7, type: 3}
  m_PrefabInstance: {fileID: 3019900547684439690}
  m_PrefabAsset: {fileID: 0}
--- !u!1001 &3358077952741407374
PrefabInstance:
  m_ObjectHideFlags: 0
  serializedVersion: 2
  m_Modification:
    m_TransformParent: {fileID: 3797468195630863923}
    m_Modifications:
    - target: {fileID: 6304229606806417558, guid: de754d98e1685cb4c8d1cb3edbba70a7, type: 3}
      propertyPath: m_Name
      value: Nodeless (0, -1)
      objectReference: {fileID: 0}
    - target: {fileID: 8542070330602001107, guid: de754d98e1685cb4c8d1cb3edbba70a7, type: 3}
      propertyPath: m_RootOrder
      value: 7
      objectReference: {fileID: 0}
    - target: {fileID: 8542070330602001107, guid: de754d98e1685cb4c8d1cb3edbba70a7, type: 3}
      propertyPath: m_LocalPosition.x
      value: -0.07
      objectReference: {fileID: 0}
    - target: {fileID: 8542070330602001107, guid: de754d98e1685cb4c8d1cb3edbba70a7, type: 3}
      propertyPath: m_LocalPosition.y
      value: 0
      objectReference: {fileID: 0}
    - target: {fileID: 8542070330602001107, guid: de754d98e1685cb4c8d1cb3edbba70a7, type: 3}
      propertyPath: m_LocalPosition.z
      value: 0
      objectReference: {fileID: 0}
    - target: {fileID: 8542070330602001107, guid: de754d98e1685cb4c8d1cb3edbba70a7, type: 3}
      propertyPath: m_LocalRotation.w
      value: 1
      objectReference: {fileID: 0}
    - target: {fileID: 8542070330602001107, guid: de754d98e1685cb4c8d1cb3edbba70a7, type: 3}
      propertyPath: m_LocalRotation.x
      value: -0
      objectReference: {fileID: 0}
    - target: {fileID: 8542070330602001107, guid: de754d98e1685cb4c8d1cb3edbba70a7, type: 3}
      propertyPath: m_LocalRotation.y
      value: -0
      objectReference: {fileID: 0}
    - target: {fileID: 8542070330602001107, guid: de754d98e1685cb4c8d1cb3edbba70a7, type: 3}
      propertyPath: m_LocalRotation.z
      value: -0
      objectReference: {fileID: 0}
    - target: {fileID: 8542070330602001107, guid: de754d98e1685cb4c8d1cb3edbba70a7, type: 3}
      propertyPath: m_LocalEulerAnglesHint.x
      value: 0
      objectReference: {fileID: 0}
    - target: {fileID: 8542070330602001107, guid: de754d98e1685cb4c8d1cb3edbba70a7, type: 3}
      propertyPath: m_LocalEulerAnglesHint.y
      value: 0
      objectReference: {fileID: 0}
    - target: {fileID: 8542070330602001107, guid: de754d98e1685cb4c8d1cb3edbba70a7, type: 3}
      propertyPath: m_LocalEulerAnglesHint.z
      value: 0
      objectReference: {fileID: 0}
    m_RemovedComponents: []
  m_SourcePrefab: {fileID: 100100000, guid: de754d98e1685cb4c8d1cb3edbba70a7, type: 3}
--- !u!4 &6346079497566513245 stripped
Transform:
  m_CorrespondingSourceObject: {fileID: 8542070330602001107, guid: de754d98e1685cb4c8d1cb3edbba70a7, type: 3}
  m_PrefabInstance: {fileID: 3358077952741407374}
  m_PrefabAsset: {fileID: 0}
--- !u!1001 &3983777281430319491
PrefabInstance:
  m_ObjectHideFlags: 0
  serializedVersion: 2
  m_Modification:
    m_TransformParent: {fileID: 3797468195630863923}
    m_Modifications:
    - target: {fileID: 6304229606806417558, guid: de754d98e1685cb4c8d1cb3edbba70a7, type: 3}
      propertyPath: m_Name
      value: Nodeless (-1, -1)
      objectReference: {fileID: 0}
    - target: {fileID: 8542070330602001107, guid: de754d98e1685cb4c8d1cb3edbba70a7, type: 3}
      propertyPath: m_RootOrder
      value: 6
      objectReference: {fileID: 0}
    - target: {fileID: 8542070330602001107, guid: de754d98e1685cb4c8d1cb3edbba70a7, type: 3}
      propertyPath: m_LocalPosition.x
      value: -0.07
      objectReference: {fileID: 0}
    - target: {fileID: 8542070330602001107, guid: de754d98e1685cb4c8d1cb3edbba70a7, type: 3}
      propertyPath: m_LocalPosition.y
      value: 0
      objectReference: {fileID: 0}
    - target: {fileID: 8542070330602001107, guid: de754d98e1685cb4c8d1cb3edbba70a7, type: 3}
      propertyPath: m_LocalPosition.z
      value: 0.100000024
      objectReference: {fileID: 0}
    - target: {fileID: 8542070330602001107, guid: de754d98e1685cb4c8d1cb3edbba70a7, type: 3}
      propertyPath: m_LocalRotation.w
      value: 1
      objectReference: {fileID: 0}
    - target: {fileID: 8542070330602001107, guid: de754d98e1685cb4c8d1cb3edbba70a7, type: 3}
      propertyPath: m_LocalRotation.x
      value: -0
      objectReference: {fileID: 0}
    - target: {fileID: 8542070330602001107, guid: de754d98e1685cb4c8d1cb3edbba70a7, type: 3}
      propertyPath: m_LocalRotation.y
      value: -0
      objectReference: {fileID: 0}
    - target: {fileID: 8542070330602001107, guid: de754d98e1685cb4c8d1cb3edbba70a7, type: 3}
      propertyPath: m_LocalRotation.z
      value: -0
      objectReference: {fileID: 0}
    - target: {fileID: 8542070330602001107, guid: de754d98e1685cb4c8d1cb3edbba70a7, type: 3}
      propertyPath: m_LocalEulerAnglesHint.x
      value: 0
      objectReference: {fileID: 0}
    - target: {fileID: 8542070330602001107, guid: de754d98e1685cb4c8d1cb3edbba70a7, type: 3}
      propertyPath: m_LocalEulerAnglesHint.y
      value: 0
      objectReference: {fileID: 0}
    - target: {fileID: 8542070330602001107, guid: de754d98e1685cb4c8d1cb3edbba70a7, type: 3}
      propertyPath: m_LocalEulerAnglesHint.z
      value: 0
      objectReference: {fileID: 0}
    m_RemovedComponents: []
  m_SourcePrefab: {fileID: 100100000, guid: de754d98e1685cb4c8d1cb3edbba70a7, type: 3}
--- !u!4 &4738560733955187536 stripped
Transform:
  m_CorrespondingSourceObject: {fileID: 8542070330602001107, guid: de754d98e1685cb4c8d1cb3edbba70a7, type: 3}
  m_PrefabInstance: {fileID: 3983777281430319491}
  m_PrefabAsset: {fileID: 0}
--- !u!1001 &4132528765494153639
PrefabInstance:
  m_ObjectHideFlags: 0
  serializedVersion: 2
  m_Modification:
    m_TransformParent: {fileID: 3797468195630863923}
    m_Modifications:
    - target: {fileID: 6304229606806417558, guid: de754d98e1685cb4c8d1cb3edbba70a7, type: 3}
      propertyPath: m_Name
      value: Nodeless (1, 1)
      objectReference: {fileID: 0}
    - target: {fileID: 8542070330602001107, guid: de754d98e1685cb4c8d1cb3edbba70a7, type: 3}
      propertyPath: m_RootOrder
      value: 2
      objectReference: {fileID: 0}
    - target: {fileID: 8542070330602001107, guid: de754d98e1685cb4c8d1cb3edbba70a7, type: 3}
      propertyPath: m_LocalPosition.x
      value: 0.07
      objectReference: {fileID: 0}
    - target: {fileID: 8542070330602001107, guid: de754d98e1685cb4c8d1cb3edbba70a7, type: 3}
      propertyPath: m_LocalPosition.y
      value: 0
      objectReference: {fileID: 0}
    - target: {fileID: 8542070330602001107, guid: de754d98e1685cb4c8d1cb3edbba70a7, type: 3}
      propertyPath: m_LocalPosition.z
      value: -0.1
      objectReference: {fileID: 0}
    - target: {fileID: 8542070330602001107, guid: de754d98e1685cb4c8d1cb3edbba70a7, type: 3}
      propertyPath: m_LocalRotation.w
      value: 1
      objectReference: {fileID: 0}
    - target: {fileID: 8542070330602001107, guid: de754d98e1685cb4c8d1cb3edbba70a7, type: 3}
      propertyPath: m_LocalRotation.x
      value: -0
      objectReference: {fileID: 0}
    - target: {fileID: 8542070330602001107, guid: de754d98e1685cb4c8d1cb3edbba70a7, type: 3}
      propertyPath: m_LocalRotation.y
      value: -0
      objectReference: {fileID: 0}
    - target: {fileID: 8542070330602001107, guid: de754d98e1685cb4c8d1cb3edbba70a7, type: 3}
      propertyPath: m_LocalRotation.z
      value: -0
      objectReference: {fileID: 0}
    - target: {fileID: 8542070330602001107, guid: de754d98e1685cb4c8d1cb3edbba70a7, type: 3}
      propertyPath: m_LocalEulerAnglesHint.x
      value: 0
      objectReference: {fileID: 0}
    - target: {fileID: 8542070330602001107, guid: de754d98e1685cb4c8d1cb3edbba70a7, type: 3}
      propertyPath: m_LocalEulerAnglesHint.y
      value: 0
      objectReference: {fileID: 0}
    - target: {fileID: 8542070330602001107, guid: de754d98e1685cb4c8d1cb3edbba70a7, type: 3}
      propertyPath: m_LocalEulerAnglesHint.z
      value: 0
      objectReference: {fileID: 0}
    m_RemovedComponents: []
  m_SourcePrefab: {fileID: 100100000, guid: de754d98e1685cb4c8d1cb3edbba70a7, type: 3}
--- !u!4 &5751719809397244788 stripped
Transform:
  m_CorrespondingSourceObject: {fileID: 8542070330602001107, guid: de754d98e1685cb4c8d1cb3edbba70a7, type: 3}
  m_PrefabInstance: {fileID: 4132528765494153639}
  m_PrefabAsset: {fileID: 0}
--- !u!1001 &6038743146606718966
PrefabInstance:
  m_ObjectHideFlags: 0
  serializedVersion: 2
  m_Modification:
    m_TransformParent: {fileID: 3797468195630863923}
    m_Modifications:
    - target: {fileID: 6304229606806417558, guid: de754d98e1685cb4c8d1cb3edbba70a7, type: 3}
      propertyPath: m_Name
      value: Nodeless (1, -1)
      objectReference: {fileID: 0}
    - target: {fileID: 8542070330602001107, guid: de754d98e1685cb4c8d1cb3edbba70a7, type: 3}
      propertyPath: m_RootOrder
      value: 8
      objectReference: {fileID: 0}
    - target: {fileID: 8542070330602001107, guid: de754d98e1685cb4c8d1cb3edbba70a7, type: 3}
      propertyPath: m_LocalPosition.x
      value: -0.07
      objectReference: {fileID: 0}
    - target: {fileID: 8542070330602001107, guid: de754d98e1685cb4c8d1cb3edbba70a7, type: 3}
      propertyPath: m_LocalPosition.y
      value: 0
      objectReference: {fileID: 0}
    - target: {fileID: 8542070330602001107, guid: de754d98e1685cb4c8d1cb3edbba70a7, type: 3}
      propertyPath: m_LocalPosition.z
      value: -0.1
      objectReference: {fileID: 0}
    - target: {fileID: 8542070330602001107, guid: de754d98e1685cb4c8d1cb3edbba70a7, type: 3}
      propertyPath: m_LocalRotation.w
      value: 1
      objectReference: {fileID: 0}
    - target: {fileID: 8542070330602001107, guid: de754d98e1685cb4c8d1cb3edbba70a7, type: 3}
      propertyPath: m_LocalRotation.x
      value: -0
      objectReference: {fileID: 0}
    - target: {fileID: 8542070330602001107, guid: de754d98e1685cb4c8d1cb3edbba70a7, type: 3}
      propertyPath: m_LocalRotation.y
      value: -0
      objectReference: {fileID: 0}
    - target: {fileID: 8542070330602001107, guid: de754d98e1685cb4c8d1cb3edbba70a7, type: 3}
      propertyPath: m_LocalRotation.z
      value: -0
      objectReference: {fileID: 0}
    - target: {fileID: 8542070330602001107, guid: de754d98e1685cb4c8d1cb3edbba70a7, type: 3}
      propertyPath: m_LocalEulerAnglesHint.x
      value: 0
      objectReference: {fileID: 0}
    - target: {fileID: 8542070330602001107, guid: de754d98e1685cb4c8d1cb3edbba70a7, type: 3}
      propertyPath: m_LocalEulerAnglesHint.y
      value: 0
      objectReference: {fileID: 0}
    - target: {fileID: 8542070330602001107, guid: de754d98e1685cb4c8d1cb3edbba70a7, type: 3}
      propertyPath: m_LocalEulerAnglesHint.z
      value: 0
      objectReference: {fileID: 0}
    m_RemovedComponents: []
  m_SourcePrefab: {fileID: 100100000, guid: de754d98e1685cb4c8d1cb3edbba70a7, type: 3}
--- !u!4 &2685952221710843173 stripped
Transform:
  m_CorrespondingSourceObject: {fileID: 8542070330602001107, guid: de754d98e1685cb4c8d1cb3edbba70a7, type: 3}
  m_PrefabInstance: {fileID: 6038743146606718966}
  m_PrefabAsset: {fileID: 0}
--- !u!1001 &6443003566104643320
PrefabInstance:
  m_ObjectHideFlags: 0
  serializedVersion: 2
  m_Modification:
    m_TransformParent: {fileID: 3797468195630863923}
    m_Modifications:
    - target: {fileID: 6304229606806417558, guid: de754d98e1685cb4c8d1cb3edbba70a7, type: 3}
      propertyPath: m_Name
      value: Nodeless (0, 0)
      objectReference: {fileID: 0}
    - target: {fileID: 8542070330602001107, guid: de754d98e1685cb4c8d1cb3edbba70a7, type: 3}
      propertyPath: m_RootOrder
      value: 4
      objectReference: {fileID: 0}
    - target: {fileID: 8542070330602001107, guid: de754d98e1685cb4c8d1cb3edbba70a7, type: 3}
      propertyPath: m_LocalPosition.x
      value: 0
      objectReference: {fileID: 0}
    - target: {fileID: 8542070330602001107, guid: de754d98e1685cb4c8d1cb3edbba70a7, type: 3}
      propertyPath: m_LocalPosition.y
      value: 0
      objectReference: {fileID: 0}
    - target: {fileID: 8542070330602001107, guid: de754d98e1685cb4c8d1cb3edbba70a7, type: 3}
      propertyPath: m_LocalPosition.z
      value: 0
      objectReference: {fileID: 0}
    - target: {fileID: 8542070330602001107, guid: de754d98e1685cb4c8d1cb3edbba70a7, type: 3}
      propertyPath: m_LocalRotation.w
      value: 1
      objectReference: {fileID: 0}
    - target: {fileID: 8542070330602001107, guid: de754d98e1685cb4c8d1cb3edbba70a7, type: 3}
      propertyPath: m_LocalRotation.x
      value: -0
      objectReference: {fileID: 0}
    - target: {fileID: 8542070330602001107, guid: de754d98e1685cb4c8d1cb3edbba70a7, type: 3}
      propertyPath: m_LocalRotation.y
      value: -0
      objectReference: {fileID: 0}
    - target: {fileID: 8542070330602001107, guid: de754d98e1685cb4c8d1cb3edbba70a7, type: 3}
      propertyPath: m_LocalRotation.z
      value: -0
      objectReference: {fileID: 0}
    - target: {fileID: 8542070330602001107, guid: de754d98e1685cb4c8d1cb3edbba70a7, type: 3}
      propertyPath: m_LocalEulerAnglesHint.x
      value: 0
      objectReference: {fileID: 0}
    - target: {fileID: 8542070330602001107, guid: de754d98e1685cb4c8d1cb3edbba70a7, type: 3}
      propertyPath: m_LocalEulerAnglesHint.y
      value: 0
      objectReference: {fileID: 0}
    - target: {fileID: 8542070330602001107, guid: de754d98e1685cb4c8d1cb3edbba70a7, type: 3}
      propertyPath: m_LocalEulerAnglesHint.z
      value: 0
      objectReference: {fileID: 0}
    m_RemovedComponents: []
  m_SourcePrefab: {fileID: 100100000, guid: de754d98e1685cb4c8d1cb3edbba70a7, type: 3}
--- !u!4 &3450217109770048555 stripped
Transform:
  m_CorrespondingSourceObject: {fileID: 8542070330602001107, guid: de754d98e1685cb4c8d1cb3edbba70a7, type: 3}
  m_PrefabInstance: {fileID: 6443003566104643320}
  m_PrefabAsset: {fileID: 0}
--- !u!1001 &7609846483017766082
PrefabInstance:
  m_ObjectHideFlags: 0
  serializedVersion: 2
  m_Modification:
    m_TransformParent: {fileID: 3797468195630863923}
    m_Modifications:
    - target: {fileID: 6304229606806417558, guid: de754d98e1685cb4c8d1cb3edbba70a7, type: 3}
      propertyPath: m_Name
      value: Nodeless (1, 0)
      objectReference: {fileID: 0}
    - target: {fileID: 8542070330602001107, guid: de754d98e1685cb4c8d1cb3edbba70a7, type: 3}
      propertyPath: m_RootOrder
      value: 5
      objectReference: {fileID: 0}
    - target: {fileID: 8542070330602001107, guid: de754d98e1685cb4c8d1cb3edbba70a7, type: 3}
      propertyPath: m_LocalPosition.x
      value: 0
      objectReference: {fileID: 0}
    - target: {fileID: 8542070330602001107, guid: de754d98e1685cb4c8d1cb3edbba70a7, type: 3}
      propertyPath: m_LocalPosition.y
      value: 0
      objectReference: {fileID: 0}
    - target: {fileID: 8542070330602001107, guid: de754d98e1685cb4c8d1cb3edbba70a7, type: 3}
      propertyPath: m_LocalPosition.z
      value: -0.1
      objectReference: {fileID: 0}
    - target: {fileID: 8542070330602001107, guid: de754d98e1685cb4c8d1cb3edbba70a7, type: 3}
      propertyPath: m_LocalRotation.w
      value: 1
      objectReference: {fileID: 0}
    - target: {fileID: 8542070330602001107, guid: de754d98e1685cb4c8d1cb3edbba70a7, type: 3}
      propertyPath: m_LocalRotation.x
      value: -0
      objectReference: {fileID: 0}
    - target: {fileID: 8542070330602001107, guid: de754d98e1685cb4c8d1cb3edbba70a7, type: 3}
      propertyPath: m_LocalRotation.y
      value: -0
      objectReference: {fileID: 0}
    - target: {fileID: 8542070330602001107, guid: de754d98e1685cb4c8d1cb3edbba70a7, type: 3}
      propertyPath: m_LocalRotation.z
      value: -0
      objectReference: {fileID: 0}
    - target: {fileID: 8542070330602001107, guid: de754d98e1685cb4c8d1cb3edbba70a7, type: 3}
      propertyPath: m_LocalEulerAnglesHint.x
      value: 0
      objectReference: {fileID: 0}
    - target: {fileID: 8542070330602001107, guid: de754d98e1685cb4c8d1cb3edbba70a7, type: 3}
      propertyPath: m_LocalEulerAnglesHint.y
      value: 0
      objectReference: {fileID: 0}
    - target: {fileID: 8542070330602001107, guid: de754d98e1685cb4c8d1cb3edbba70a7, type: 3}
      propertyPath: m_LocalEulerAnglesHint.z
      value: 0
      objectReference: {fileID: 0}
    m_RemovedComponents: []
  m_SourcePrefab: {fileID: 100100000, guid: de754d98e1685cb4c8d1cb3edbba70a7, type: 3}
--- !u!4 &2238320606609671697 stripped
Transform:
  m_CorrespondingSourceObject: {fileID: 8542070330602001107, guid: de754d98e1685cb4c8d1cb3edbba70a7, type: 3}
  m_PrefabInstance: {fileID: 7609846483017766082}
  m_PrefabAsset: {fileID: 0}
--- !u!1001 &7806691052553447477
PrefabInstance:
  m_ObjectHideFlags: 0
  serializedVersion: 2
  m_Modification:
    m_TransformParent: {fileID: 3797468195630863923}
    m_Modifications:
    - target: {fileID: 6304229606806417558, guid: de754d98e1685cb4c8d1cb3edbba70a7, type: 3}
      propertyPath: m_Name
      value: Nodeless (0, 1)
      objectReference: {fileID: 0}
    - target: {fileID: 8542070330602001107, guid: de754d98e1685cb4c8d1cb3edbba70a7, type: 3}
      propertyPath: m_RootOrder
      value: 1
      objectReference: {fileID: 0}
    - target: {fileID: 8542070330602001107, guid: de754d98e1685cb4c8d1cb3edbba70a7, type: 3}
      propertyPath: m_LocalPosition.x
      value: 0.07
      objectReference: {fileID: 0}
    - target: {fileID: 8542070330602001107, guid: de754d98e1685cb4c8d1cb3edbba70a7, type: 3}
      propertyPath: m_LocalPosition.y
      value: 0
      objectReference: {fileID: 0}
    - target: {fileID: 8542070330602001107, guid: de754d98e1685cb4c8d1cb3edbba70a7, type: 3}
      propertyPath: m_LocalPosition.z
      value: 0
      objectReference: {fileID: 0}
    - target: {fileID: 8542070330602001107, guid: de754d98e1685cb4c8d1cb3edbba70a7, type: 3}
      propertyPath: m_LocalRotation.w
      value: 1
      objectReference: {fileID: 0}
    - target: {fileID: 8542070330602001107, guid: de754d98e1685cb4c8d1cb3edbba70a7, type: 3}
      propertyPath: m_LocalRotation.x
      value: -0
      objectReference: {fileID: 0}
    - target: {fileID: 8542070330602001107, guid: de754d98e1685cb4c8d1cb3edbba70a7, type: 3}
      propertyPath: m_LocalRotation.y
      value: -0
      objectReference: {fileID: 0}
    - target: {fileID: 8542070330602001107, guid: de754d98e1685cb4c8d1cb3edbba70a7, type: 3}
      propertyPath: m_LocalRotation.z
      value: -0
      objectReference: {fileID: 0}
    - target: {fileID: 8542070330602001107, guid: de754d98e1685cb4c8d1cb3edbba70a7, type: 3}
      propertyPath: m_LocalEulerAnglesHint.x
      value: 0
      objectReference: {fileID: 0}
    - target: {fileID: 8542070330602001107, guid: de754d98e1685cb4c8d1cb3edbba70a7, type: 3}
      propertyPath: m_LocalEulerAnglesHint.y
      value: 0
      objectReference: {fileID: 0}
    - target: {fileID: 8542070330602001107, guid: de754d98e1685cb4c8d1cb3edbba70a7, type: 3}
      propertyPath: m_LocalEulerAnglesHint.z
      value: 0
      objectReference: {fileID: 0}
    m_RemovedComponents: []
  m_SourcePrefab: {fileID: 100100000, guid: de754d98e1685cb4c8d1cb3edbba70a7, type: 3}
--- !u!4 &1935834890889378534 stripped
Transform:
  m_CorrespondingSourceObject: {fileID: 8542070330602001107, guid: de754d98e1685cb4c8d1cb3edbba70a7, type: 3}
  m_PrefabInstance: {fileID: 7806691052553447477}
  m_PrefabAsset: {fileID: 0}
